<?xml version="1.0" encoding="utf-8"?>
<Document xmlns="urn:iso:std:iso:20022:tech:xsd:pain.001.001.03" xmlns:xsd="http://www.w3.org/2001/XMLSchema" xmlns:xsi="http://www.w3.org/2001/XMLSchema-instance">
    <CstmrCdtTrfInitn>
        <GrpHdr>
            <MsgId>MessageId</MsgId>
            <CreDtTm>2018-02-17T23:01:37</CreDtTm>
            <NbOfTxs>3</NbOfTxs>
            <CtrlSum>49.00</CtrlSum>
            <InitgPty>
                <Nm>Accountholder-Name</Nm>
            </InitgPty>
        </GrpHdr>
        <PmtInf>
            <PmtInfId>PaymentInformationId</PmtInfId>
            <PmtMtd>TRF</PmtMtd>
            <NbOfTxs>3</NbOfTxs>
            <CtrlSum>49.00</CtrlSum>
            <PmtTpInf>
                <SvcLvl>
                    <Cd>SEPA</Cd>
                </SvcLvl>
            </PmtTpInf>
            <ReqdExctnDt>2014-01-08</ReqdExctnDt>
            <Dbtr>
                <Nm>Accountholder-Name</Nm>
            </Dbtr>
            <DbtrAcct>
                <Id>
                    <IBAN>NL72ABNC0123456789</IBAN>
                </Id>
            </DbtrAcct>
            <DbtrAgt>
                <FinInstnId>
                    <BIC>ABNCNL2A</BIC>
                </FinInstnId>
            </DbtrAgt>
            <ChrgBr>SLEV</ChrgBr>
            <CdtTrfTxInf>
                <PmtId>
                    <EndToEndId>E2E-ID-1</EndToEndId>
                </PmtId>
                <Amt>
                    <InstdAmt Ccy="AUD">14.50</InstdAmt>
                </Amt>
                <CdtrAgt>
                    <FinInstnId>
                        <BIC>INGBNL2A</BIC>
                    </FinInstnId>
                </CdtrAgt>
                <Cdtr>
                    <Nm>Beneficiary1</Nm>
                </Cdtr>
                <CdtrAcct>
                    <Id>
                        <IBAN>NL69INGB0123456789</IBAN>
                    </Id>
                </CdtrAcct>
                <RmtInf>
                    <Ustrd>RemittanceInformation1</Ustrd>
                </RmtInf>
            </CdtTrfTxInf>
            <CdtTrfTxInf>
                <PmtId>
                    <EndToEndId>E2E-ID-2</EndToEndId>
                </PmtId>
                <Amt>
                    <InstdAmt Ccy="AUD">16.50</InstdAmt>
                </Amt>
                <CdtrAgt>
                    <FinInstnId>
                        <BIC>INGBNL2A</BIC>
                    </FinInstnId>
                </CdtrAgt>
                <Cdtr>
                    <Nm>Beneficiary2</Nm>
                </Cdtr>
                <CdtrAcct>
                    <Id>
                        <IBAN>NL69INGB0123456789</IBAN>
                    </Id>
                </CdtrAcct>
                <RmtInf>
                    <Ustrd>RemittanceInformation2</Ustrd>
                </RmtInf>
            </CdtTrfTxInf>
            <CdtTrfTxInf>
                <PmtId>
                    <EndToEndId>E2E-ID-3</EndToEndId>
                </PmtId>
                <Amt>
                    <InstdAmt Ccy="AUD">18.00</InstdAmt>
                </Amt>
                <CdtrAgt>
                    <FinInstnId>
                        <BIC>INGBNL2A</BIC>
                    </FinInstnId>
                </CdtrAgt>
                <Cdtr>
                    <Nm>Beneficiary3</Nm>
                </Cdtr>
                <CdtrAcct>
                    <Id>
                        <IBAN>NL69INGB0123456789</IBAN>
                    </Id>
                </CdtrAcct>
                <RmtInf>
                    <Ustrd>RemittanceInformation3</Ustrd>
                </RmtInf>
            </CdtTrfTxInf>
        </PmtInf>
    </CstmrCdtTrfInitn>
</Document>